Price,Currency,URL,Seller,Location,Size,Floor,Year,Property Type,Phone,Timestamp
73000,лв.,//www.imot.bg/pcgi/imot.cgi?act=5&adv=1b171619164922423&slink=auysd2&f1=1,regent.imot.bg,"град Габрово, Дядо Дянко",75,5,2010,Продава 2-СТАЕН,0887710070,2024-07-12 09:48:42
62000,EUR,//www.imot.bg/pcgi/imot.cgi?act=5&adv=1b167154311042045&slink=auysd2&f1=1,regent.imot.bg,"град Габрово, Център",77,N/A,2025,Продава 2-СТАЕН,0887602324,2024-07-12 09:48:42
68800,EUR,//www.imot.bg/pcgi/imot.cgi?act=5&adv=1b167154293533883&slink=auysd2&f1=1,regent.imot.bg,"град Габрово, Център",86,N/A,2025,Продава 2-СТАЕН,0887602324,2024-07-12 09:48:42
90000,лв.,//www.imot.bg/pcgi/imot.cgi?act=5&adv=1c172000076955236&slink=auysd2&f1=1,regent.imot.bg,"град Габрово, Младост",74,N/A,N/A,Продава 3-СТАЕН,0886270697,2024-07-12 09:48:42
110000,лв.,//www.imot.bg/pcgi/imot.cgi?act=5&adv=1c172068104596939&slink=auysd2&f1=1,regent.imot.bg,"град Габрово, Център",98,N/A,1980,Продава 3-СТАЕН,0884119159,2024-07-12 09:48:42
65000,EUR,//www.imot.bg/pcgi/imot.cgi?act=5&adv=1c171880101962996&slink=auysd2&f1=1,sdelka.imot.bg,"град Габрово, Център",58,5,N/A,Продава 3-СТАЕН,0894559910,2024-07-12 09:48:42
130000,лв.,//www.imot.bg/pcgi/imot.cgi?act=5&adv=1c171644984903300&slink=auysd2&f1=1,regent.imot.bg,"град Габрово, Център",101,N/A,N/A,Продава 3-СТАЕН,0882702206,2024-07-12 09:48:42
156000,лв.,//www.imot.bg/pcgi/imot.cgi?act=5&adv=1c171741739613743&slink=auysd2&f1=1,monolit-bg.imot.bg,"град Габрово, Център",80,N/A,N/A,Продава 3-СТАЕН,0885118119,2024-07-12 09:48:42
160000,лв.,//www.imot.bg/pcgi/imot.cgi?act=5&adv=1c171257029284373&slink=auysd2&f1=1,sdelka.imot.bg,"град Габрово, Център",104,10,N/A,Продава 3-СТАЕН,0896840926,2024-07-12 09:48:42
125999,EUR,//www.imot.bg/pcgi/imot.cgi?act=5&adv=1d172070246503553&slink=auysd2&f1=1,regent.imot.bg,"град Габрово, Център",162,3,2023,Продава 4-СТАЕН,0886886888,2024-07-12 09:48:42
42000,лв.,//www.imot.bg/pcgi/imot.cgi?act=5&adv=1a172068078496842&slink=auysd2&f1=1,regent.imot.bg,"град Габрово, Дядо Дянко",28,N/A,1980,Продава 1-СТАЕН,0884119159,2024-07-12 09:48:42
60000,лв.,//www.imot.bg/pcgi/imot.cgi?act=5&adv=1a172069588723978&slink=auysd2&f1=1,monolit-bg.imot.bg,"град Габрово, Младост",42,N/A,N/A,Продава 1-СТАЕН,0885118119,2024-07-12 09:48:42
68500,лв.,//www.imot.bg/pcgi/imot.cgi?act=5&adv=1a171524829523059&slink=auysd2&f1=1,monolit-bg.imot.bg,"град Габрово, Център",41,N/A,N/A,Продава 1-СТАЕН,0885118119,2024-07-12 09:48:42
78000,лв.,//www.imot.bg/pcgi/imot.cgi?act=5&adv=1b171447363896801&slink=auysd2&f1=1,monolit-bg.imot.bg,"град Габрово, Младост",69,N/A,N/A,Продава 2-СТАЕН,0885118119,2024-07-12 09:48:42
80000,лв.,//www.imot.bg/pcgi/imot.cgi?act=5&adv=1b170505458818237&slink=auysd2&f1=1,koevimotiaddress.imot.bg,"град Габрово, Русевци",57,N/A,N/A,Продава 2-СТАЕН,N/A,2024-07-12 09:48:42
79600,лв.,//www.imot.bg/pcgi/imot.cgi?act=5&adv=1b172042722501372&slink=auysd2&f1=1,paragon.imot.bg,"град Габрово, Трендафил 2",67,4,1989,Продава 2-СТАЕН,0889507112,2024-07-12 09:48:42
82995,лв.,//www.imot.bg/pcgi/imot.cgi?act=5&adv=1b170167791633455&slink=auysd2&f1=1,koevimotiaddress.imot.bg,"град Габрово, Трендафил 2",62,6,N/A,Продава 2-СТАЕН,N/A,2024-07-12 09:48:42
119900,лв.,//www.imot.bg/pcgi/imot.cgi?act=5&adv=1b171896763754297&slink=auysd2&f1=1,paragon.imot.bg,"град Габрово, Трендафил 2",57,N/A,N/A,Продава 2-СТАЕН,0889507112,2024-07-12 09:48:42
72000,лв.,//www.imot.bg/pcgi/imot.cgi?act=5&adv=1b171833278389038&slink=auysd2&f1=1,monolit-bg.imot.bg,"град Габрово, Център",64,N/A,N/A,Продава 2-СТАЕН,0885118119,2024-07-12 09:48:42
47880,EUR,//www.imot.bg/pcgi/imot.cgi?act=5&adv=1b171808593216686&slink=auysd2&f1=1,paragon.imot.bg,"град Габрово, Център",56,N/A,1968,Продава 2-СТАЕН,0889507112,2024-07-12 09:48:42
125000,лв.,//www.imot.bg/pcgi/imot.cgi?act=5&adv=1b171940279978726&slink=auysd2&f1=1,cpibulgaria.imot.bg,"град Габрово, Център",64,N/A,N/A,Продава 2-СТАЕН,0877101399,2024-07-12 09:48:42
112000,лв.,//www.imot.bg/pcgi/imot.cgi?act=5&adv=1c169745100016544&slink=auysd2&f1=1,paragon.imot.bg,"град Габрово, Тлъчници",98,N/A,N/A,Продава 3-СТАЕН,0889507112,2024-07-12 09:48:42
73000,лв.,//www.imot.bg/pcgi/imot.cgi?act=5&adv=1c161312090002894&slink=auysd2&f1=1,paragon.imot.bg,"град Габрово, Център",98,N/A,1972,Продава 3-СТАЕН,0889507112,2024-07-12 09:48:42
79999,лв.,//www.imot.bg/pcgi/imot.cgi?act=5&adv=1c167940185578452&slink=auysd2&f1=1,dikova.imot.bg,"град Габрово, Център",97,5,1970,Продава 3-СТАЕН,0898677625,2024-07-12 09:48:42
80000,лв.,//www.imot.bg/pcgi/imot.cgi?act=5&adv=1c171870243971257&slink=auysd2&f1=1,monolit-bg.imot.bg,"град Габрово, Център",96,5,N/A,Продава 3-СТАЕН,0885118119,2024-07-12 09:48:42
150000,лв.,//www.imot.bg/pcgi/imot.cgi?act=5&adv=1c168474185583441&slink=auysd2&f1=1,paragon.imot.bg,"град Габрово, Център",104,N/A,1975,Продава 3-СТАЕН,0889507112,2024-07-12 09:48:42
63500,лв.,//www.imot.bg/pcgi/imot.cgi?act=5&adv=1a170893669685261&slink=auysd2&f1=1,regent.imot.bg,"град Габрово, Бичкиня",40,5,N/A,Продава 1-СТАЕН,0883750505,2024-07-12 09:48:42
38000,EUR,//www.imot.bg/pcgi/imot.cgi?act=5&adv=1a169506622842880&slink=auysd2&f1=1,regent.imot.bg,"град Габрово, Бичкиня",40,6,N/A,Продава 1-СТАЕН,0885151488,2024-07-12 09:48:42
49950,лв.,//www.imot.bg/pcgi/imot.cgi?act=5&adv=1a171680785049449&slink=auysd2&f1=1,regent.imot.bg,"град Габрово, Дядо Дянко",30,N/A,N/A,Продава 1-СТАЕН,N/A,2024-07-12 09:48:42
54500,лв.,//www.imot.bg/pcgi/imot.cgi?act=5&adv=1a171212996654908&slink=auysd2&f1=1,dikova.imot.bg,"град Габрово, Младост",41,N/A,N/A,Продава 1-СТАЕН,0893068531,2024-07-12 09:48:42
55000,лв.,//www.imot.bg/pcgi/imot.cgi?act=5&adv=1a170384710534775&slink=auysd2&f1=1,sdelka.imot.bg,"град Габрово, Младост",48,N/A,N/A,Продава 1-СТАЕН,0897999595,2024-07-12 09:48:42
60000,лв.,//www.imot.bg/pcgi/imot.cgi?act=5&adv=1a171645044066304&slink=auysd2&f1=1,dikova.imot.bg,"град Габрово, Младост",38,N/A,N/A,Продава 1-СТАЕН,0896370408,2024-07-12 09:48:42
62000,лв.,//www.imot.bg/pcgi/imot.cgi?act=5&adv=1a169329954928780&slink=auysd2&f1=1,dikova.imot.bg,"град Габрово, Младост",38,N/A,N/A,Продава 1-СТАЕН,0896370408,2024-07-12 09:48:42
49999,лв.,//www.imot.bg/pcgi/imot.cgi?act=5&adv=1a171586105358004&slink=auysd2&f1=1,dikova.imot.bg,"град Габрово, Сирмани",41,N/A,N/A,Продава 1-СТАЕН,0890176992,2024-07-12 09:48:42
28000,лв.,//www.imot.bg/pcgi/imot.cgi?act=5&adv=1a168258466851120&slink=auysd2&f1=2,regent.imot.bg,"град Габрово, Център",30,N/A,1960,Продава 1-СТАЕН,0887602324,2024-07-12 09:48:44
23000,EUR,//www.imot.bg/pcgi/imot.cgi?act=5&adv=1a171385612982173&slink=auysd2&f1=2,dikova.imot.bg,"град Габрово, Център",28,N/A,N/A,Продава 1-СТАЕН,0893068531,2024-07-12 09:48:44
50000,лв.,//www.imot.bg/pcgi/imot.cgi?act=5&adv=1a170478785533839&slink=auysd2&f1=2,regent.imot.bg,"град Габрово, Център",47,N/A,1960,Продава 1-СТАЕН,0887602324,2024-07-12 09:48:44
58000,лв.,//www.imot.bg/pcgi/imot.cgi?act=5&adv=1a169883746107080&slink=auysd2&f1=2,monolit-bg.imot.bg,"град Габрово, Център",49,N/A,N/A,Продава 1-СТАЕН,0885118119,2024-07-12 09:48:44
39100,EUR,//www.imot.bg/pcgi/imot.cgi?act=5&adv=1a170326500283712&slink=auysd2&f1=2,koevimotiaddress.imot.bg,"град Габрово, Център",34,N/A,N/A,Продава 1-СТАЕН,N/A,2024-07-12 09:48:44
47150,EUR,//www.imot.bg/pcgi/imot.cgi?act=5&adv=1a170439858236167&slink=auysd2&f1=2,koevimotiaddress.imot.bg,"град Габрово, Център",41,3,N/A,Продава 1-СТАЕН,N/A,2024-07-12 09:48:44
53000,EUR,//www.imot.bg/pcgi/imot.cgi?act=5&adv=1a171750128570786&slink=auysd2&f1=2,regent.imot.bg,"град Габрово, Център",53,N/A,2024,Продава 1-СТАЕН,0886886888,2024-07-12 09:48:44
130000,лв.,//www.imot.bg/pcgi/imot.cgi?act=5&adv=1a171991847422357&slink=auysd2&f1=2,dikova.imot.bg,"град Габрово, Център",50,4,N/A,Продава 1-СТАЕН,0898675565,2024-07-12 09:48:44
60000,лв.,//www.imot.bg/pcgi/imot.cgi?act=5&adv=1b153008073655061&slink=auysd2&f1=2,regent.imot.bg,"град Габрово, Бичкиня",65,5,N/A,Продава 2-СТАЕН,0897502002,2024-07-12 09:48:44
75000,лв.,//www.imot.bg/pcgi/imot.cgi?act=5&adv=1b171679807769286&slink=auysd2&f1=2,dikova.imot.bg,"град Габрово, Бичкиня",53,N/A,N/A,Продава 2-СТАЕН,0890176993,2024-07-12 09:48:44
39900,EUR,//www.imot.bg/pcgi/imot.cgi?act=5&adv=1b170246713043694&slink=auysd2&f1=2,sdelka.imot.bg,"град Габрово, Бичкиня",60,3,N/A,Продава 2-СТАЕН,0896840926,2024-07-12 09:48:44
72000,лв.,//www.imot.bg/pcgi/imot.cgi?act=5&adv=1b171705840800405&slink=auysd2&f1=2,regent.imot.bg,"град Габрово, Дядо Дянко",72,N/A,1970,Продава 2-СТАЕН,0886457295,2024-07-12 09:48:44
37500,EUR,//www.imot.bg/pcgi/imot.cgi?act=5&adv=1b171829090161391&slink=auysd2&f1=2,superimotibg.imot.bg,"град Габрово, Дядо Дянко",70,N/A,N/A,Продава 2-СТАЕН,0882638423,2024-07-12 09:48:44
75000,лв.,//www.imot.bg/pcgi/imot.cgi?act=5&adv=1b171637965532807&slink=auysd2&f1=2,dikova.imot.bg,"град Габрово, Дядо Дянко",71,N/A,N/A,Продава 2-СТАЕН,0896370408,2024-07-12 09:48:44
39900,EUR,//www.imot.bg/pcgi/imot.cgi?act=5&adv=1b168362224796456&slink=auysd2&f1=2,koevimotiaddress.imot.bg,"град Габрово, Дядо Дянко",60,4,N/A,Продава 2-СТАЕН,N/A,2024-07-12 09:48:44
80000,лв.,//www.imot.bg/pcgi/imot.cgi?act=5&adv=1b169986732880446&slink=auysd2&f1=2,regent.imot.bg,"град Габрово, Дядо Дянко",78,N/A,1980,Продава 2-СТАЕН,0887710070,2024-07-12 09:48:44
68000,лв.,//www.imot.bg/pcgi/imot.cgi?act=5&adv=1b169884451003253&slink=auysd2&f1=2,regent.imot.bg,"град Габрово, Младост",57,N/A,N/A,Продава 2-СТАЕН,0883750505,2024-07-12 09:48:44
71000,лв.,//www.imot.bg/pcgi/imot.cgi?act=5&adv=1b169874909229735&slink=auysd2&f1=2,monolit-bg.imot.bg,"град Габрово, Младост",67,5,N/A,Продава 2-СТАЕН,0885118119,2024-07-12 09:48:44
71000,лв.,//www.imot.bg/pcgi/imot.cgi?act=5&adv=1b163370019659585&slink=auysd2&f1=2,regent.imot.bg,"град Габрово, Младост",67,5,1975,Продава 2-СТАЕН,0887602324,2024-07-12 09:48:44
78000,лв.,//www.imot.bg/pcgi/imot.cgi?act=5&adv=1b171170611159993&slink=auysd2&f1=2,sdelka.imot.bg,"град Габрово, Младост",61,N/A,N/A,Продава 2-СТАЕН,0897999595,2024-07-12 09:48:44
78000,лв.,//www.imot.bg/pcgi/imot.cgi?act=5&adv=1b168484007097493&slink=auysd2&f1=2,sdelka.imot.bg,"град Габрово, Младост",55,N/A,N/A,Продава 2-СТАЕН,0896840926,2024-07-12 09:48:44
80000,лв.,//www.imot.bg/pcgi/imot.cgi?act=5&adv=1b167540838538181&slink=auysd2&f1=2,dikova.imot.bg,"град Габрово, Младост",65,N/A,N/A,Продава 2-СТАЕН,0898677625,2024-07-12 09:48:44
83000,лв.,//www.imot.bg/pcgi/imot.cgi?act=5&adv=1b171566989327957&slink=auysd2&f1=2,regent.imot.bg,"град Габрово, Младост",58,N/A,N/A,Продава 2-СТАЕН,0884119159,2024-07-12 09:48:44
51000,EUR,//www.imot.bg/pcgi/imot.cgi?act=5&adv=1b171595395692540&slink=auysd2&f1=2,sdelka.imot.bg,"град Габрово, Младост",55,4,N/A,Продава 2-СТАЕН,0894559910,2024-07-12 09:48:44
99900,лв.,//www.imot.bg/pcgi/imot.cgi?act=5&adv=1b171585195728272&slink=auysd2&f1=2,monolit-bg.imot.bg,"град Габрово, Младост",68,N/A,N/A,Продава 2-СТАЕН,0885118119,2024-07-12 09:48:44
110000,лв.,//www.imot.bg/pcgi/imot.cgi?act=5&adv=1b171938698193772&slink=auysd2&f1=2,dikova.imot.bg,"град Габрово, Младост",63,N/A,N/A,Продава 2-СТАЕН,0893068531,2024-07-12 09:48:44
63500,EUR,//www.imot.bg/pcgi/imot.cgi?act=5&adv=1b171326701326921&slink=auysd2&f1=2,monolit-bg.imot.bg,"град Габрово, Младост",65,N/A,N/A,Продава 2-СТАЕН,0885118119,2024-07-12 09:48:44
124500,лв.,//www.imot.bg/pcgi/imot.cgi?act=5&adv=1b171102651530732&slink=auysd2&f1=2,koevimotiaddress.imot.bg,"град Габрово, Младост",67,N/A,N/A,Продава 2-СТАЕН,0886247408,2024-07-12 09:48:44
150000,лв.,//www.imot.bg/pcgi/imot.cgi?act=5&adv=1b171818328106821&slink=auysd2&f1=2,dikova.imot.bg,"град Габрово, Младост",64,N/A,N/A,Продава 2-СТАЕН,0896370408,2024-07-12 09:48:44
45000,EUR,//www.imot.bg/pcgi/imot.cgi?act=5&adv=1b167767869867519&slink=auysd2&f1=2,paragon.imot.bg,"град Габрово, Русевци",57,N/A,N/A,Продава 2-СТАЕН,0889507112,2024-07-12 09:48:44
79500,лв.,//www.imot.bg/pcgi/imot.cgi?act=5&adv=1b169096799218927&slink=auysd2&f1=2,dikova.imot.bg,"град Габрово, Сирмани",68,6,N/A,Продава 2-СТАЕН,0893068531,2024-07-12 09:48:44
68000,лв.,//www.imot.bg/pcgi/imot.cgi?act=5&adv=1b170557883807332&slink=auysd2&f1=2,dikova.imot.bg,"град Габрово, Трендафил 1",58,N/A,N/A,Продава 2-СТАЕН,0892235961,2024-07-12 09:48:44
37000,EUR,//www.imot.bg/pcgi/imot.cgi?act=5&adv=1b168855046334305&slink=auysd2&f1=2,sdelka.imot.bg,"град Габрово, Трендафил 1",65,6,N/A,Продава 2-СТАЕН,0894559910,2024-07-12 09:48:44
53686,EUR,//www.imot.bg/pcgi/imot.cgi?act=5&adv=1b170973253643568&slink=auysd2&f1=2,regent.imot.bg,"град Габрово, Трендафил 1",57,4,N/A,Продава 2-СТАЕН,0889514617,2024-07-12 09:48:44
55000,EUR,//www.imot.bg/pcgi/imot.cgi?act=5&adv=1b172009744380592&slink=auysd2&f1=3,regent.imot.bg,"град Габрово, Трендафил 1",70,N/A,N/A,Продава 2-СТАЕН,0884119159,2024-07-12 09:48:46
60000,EUR,//www.imot.bg/pcgi/imot.cgi?act=5&adv=1b172009762415372&slink=auysd2&f1=3,regent.imot.bg,"град Габрово, Трендафил 1",71,4,N/A,Продава 2-СТАЕН,0884119159,2024-07-12 09:48:46
55000,лв.,//www.imot.bg/pcgi/imot.cgi?act=5&adv=1b170964459981604&slink=auysd2&f1=3,regent.imot.bg,"град Габрово, Трендафил 2",48,N/A,N/A,Продава 2-СТАЕН,0884119159,2024-07-12 09:48:46
58000,лв.,//www.imot.bg/pcgi/imot.cgi?act=5&adv=1b171508398027525&slink=auysd2&f1=3,regent.imot.bg,"град Габрово, Трендафил 2",40,N/A,N/A,Продава 2-СТАЕН,N/A,2024-07-12 09:48:46
95000,лв.,//www.imot.bg/pcgi/imot.cgi?act=5&adv=1b171939141425943&slink=auysd2&f1=3,dikova.imot.bg,"град Габрово, Трендафил 2",62,6,N/A,Продава 2-СТАЕН,0890176992,2024-07-12 09:48:46
55000,лв.,//www.imot.bg/pcgi/imot.cgi?act=5&adv=1b168657353953936&slink=auysd2&f1=3,regent.imot.bg,"град Габрово, Център",63,N/A,N/A,Продава 2-СТАЕН,0886270697,2024-07-12 09:48:46
55000,лв.,//www.imot.bg/pcgi/imot.cgi?act=5&adv=1b168655955977191&slink=auysd2&f1=3,dikova.imot.bg,"град Габрово, Център",62,N/A,N/A,Продава 2-СТАЕН,0898675565,2024-07-12 09:48:46
55000,лв.,//www.imot.bg/pcgi/imot.cgi?act=5&adv=1b170679313064871&slink=auysd2&f1=3,accent_vt.imot.bg,"град Габрово, Център",62,N/A,N/A,Продава 2-СТАЕН,0878787185,2024-07-12 09:48:46
64000,лв.,//www.imot.bg/pcgi/imot.cgi?act=5&adv=1b172069511673450&slink=auysd2&f1=3,paragon.imot.bg,"град Габрово, Център",58,3,1959,Продава 2-СТАЕН,0889507112,2024-07-12 09:48:46
70000,лв.,//www.imot.bg/pcgi/imot.cgi?act=5&adv=1b164620660632145&slink=auysd2&f1=3,dikova.imot.bg,"град Габрово, Център",67,4,1980,Продава 2-СТАЕН,0896752740,2024-07-12 09:48:46
73000,лв.,//www.imot.bg/pcgi/imot.cgi?act=5&adv=1b167153409325538&slink=auysd2&f1=3,dikova.imot.bg,"град Габрово, Център",59,5,1974,Продава 2-СТАЕН,0893068531,2024-07-12 09:48:46
73000,лв.,//www.imot.bg/pcgi/imot.cgi?act=5&adv=1b165821745753970&slink=auysd2&f1=3,paragon.imot.bg,"град Габрово, Център",63,5,1974,Продава 2-СТАЕН,0889507112,2024-07-12 09:48:46
40000,EUR,//www.imot.bg/pcgi/imot.cgi?act=5&adv=1b171629525896883&slink=auysd2&f1=3,regent.imot.bg,"град Габрово, Център",54,N/A,N/A,Продава 2-СТАЕН,0894386388,2024-07-12 09:48:46
80000,лв.,//www.imot.bg/pcgi/imot.cgi?act=5&adv=1b166295785336705&slink=auysd2&f1=3,monolit-bg.imot.bg,"град Габрово, Център",66,N/A,1980,Продава 2-СТАЕН,0885118119,2024-07-12 09:48:46
80000,лв.,//www.imot.bg/pcgi/imot.cgi?act=5&adv=1b171940695002550&slink=auysd2&f1=3,regent.imot.bg,"град Габрово, Център",63,5,N/A,Продава 2-СТАЕН,0883750505,2024-07-12 09:48:46
85000,лв.,//www.imot.bg/pcgi/imot.cgi?act=5&adv=1b170679675015230&slink=auysd2&f1=3,regent.imot.bg,"град Габрово, Център",62,5,N/A,Продава 2-СТАЕН,0884119159,2024-07-12 09:48:46
85000,лв.,//www.imot.bg/pcgi/imot.cgi?act=5&adv=1b170800633472540&slink=auysd2&f1=3,dikova.imot.bg,"град Габрово, Център",62,N/A,N/A,Продава 2-СТАЕН,0896752740,2024-07-12 09:48:46
85000,лв.,//www.imot.bg/pcgi/imot.cgi?act=5&adv=1b171533904425903&slink=auysd2&f1=3,dikova.imot.bg,"град Габрово, Център",76,N/A,N/A,Продава 2-СТАЕН,0896370408,2024-07-12 09:48:46
88000,лв.,//www.imot.bg/pcgi/imot.cgi?act=5&adv=1b171015686044025&slink=auysd2&f1=3,koevimotiaddress.imot.bg,"град Габрово, Център",50,3,N/A,Продава 2-СТАЕН,N/A,2024-07-12 09:48:46
90000,лв.,//www.imot.bg/pcgi/imot.cgi?act=5&adv=1b171094632795537&slink=auysd2&f1=3,regent.imot.bg,"град Габрово, Център",68,4,1975,Продава 2-СТАЕН,0887602324,2024-07-12 09:48:46
50000,EUR,//www.imot.bg/pcgi/imot.cgi?act=5&adv=1b165043233071723&slink=auysd2&f1=3,regent.imot.bg,"град Габрово, Център",55,6,2010,Продава 2-СТАЕН,0884119159,2024-07-12 09:48:46
55000,EUR,//www.imot.bg/pcgi/imot.cgi?act=5&adv=1b169574044405420&slink=auysd2&f1=3,superimotibg.imot.bg,"град Габрово, Център",71,5,1979,Продава 2-СТАЕН,0882638423,2024-07-12 09:48:46
110000,лв.,//www.imot.bg/pcgi/imot.cgi?act=5&adv=1b171558657698818&slink=auysd2&f1=3,dikova.imot.bg,"град Габрово, Център",74,N/A,N/A,Продава 2-СТАЕН,0898677625,2024-07-12 09:48:46
117000,лв.,//www.imot.bg/pcgi/imot.cgi?act=5&adv=1b171015125053535&slink=auysd2&f1=3,dikova.imot.bg,"град Габрово, Център",72,N/A,N/A,Продава 2-СТАЕН,0896752740,2024-07-12 09:48:46
117000,лв.,//www.imot.bg/pcgi/imot.cgi?act=5&adv=1b171395178527554&slink=auysd2&f1=3,regent.imot.bg,"град Габрово, Център",72,4,N/A,Продава 2-СТАЕН,0884119159,2024-07-12 09:48:46
119000,лв.,//www.imot.bg/pcgi/imot.cgi?act=5&adv=1b165028727821204&slink=auysd2&f1=3,dikova.imot.bg,"град Габрово, Център",87,3,N/A,Продава 2-СТАЕН,0869370408,2024-07-12 09:48:46
65600,EUR,//www.imot.bg/pcgi/imot.cgi?act=5&adv=1b169893656354471&slink=auysd2&f1=3,regent.imot.bg,"град Габрово, Център",82,N/A,N/A,Продава 2-СТАЕН,0884119159,2024-07-12 09:48:46
66600,EUR,//www.imot.bg/pcgi/imot.cgi?act=5&adv=1b168251204197849&slink=auysd2&f1=3,sdelka.imot.bg,"град Габрово, Център",82,N/A,N/A,Продава 2-СТАЕН,0896840926,2024-07-12 09:48:46
67000,EUR,//www.imot.bg/pcgi/imot.cgi?act=5&adv=1b153632964461416&slink=auysd2&f1=3,regent.imot.bg,"град Габрово, Център",67,N/A,1978,Продава 2-СТАЕН,0884119159,2024-07-12 09:48:46
67864,EUR,//www.imot.bg/pcgi/imot.cgi?act=5&adv=1b169893631271416&slink=auysd2&f1=3,regent.imot.bg,"град Габрово, Център",85,N/A,N/A,Продава 2-СТАЕН,0884119159,2024-07-12 09:48:46
68864,EUR,//www.imot.bg/pcgi/imot.cgi?act=5&adv=1b168251133332268&slink=auysd2&f1=3,sdelka.imot.bg,"град Габрово, Център",85,N/A,N/A,Продава 2-СТАЕН,0897999595,2024-07-12 09:48:46
59800,EUR,//www.imot.bg/pcgi/imot.cgi?act=5&adv=1b170439907454991&slink=auysd2&f1=3,koevimotiaddress.imot.bg,"град Габрово, Център",52,3,N/A,Продава 2-СТАЕН,N/A,2024-07-12 09:48:46
80000,EUR,//www.imot.bg/pcgi/imot.cgi?act=5&adv=1b164422495307688&slink=auysd2&f1=3,regent.imot.bg,"град Габрово, Център",125,N/A,N/A,Продава 2-СТАЕН,0888181250,2024-07-12 09:48:46
164930,лв.,//www.imot.bg/pcgi/imot.cgi?act=5&adv=1b170601793506504&slink=auysd2&f1=3,dikova.imot.bg,"град Габрово, Център",91,N/A,N/A,Продава 2-СТАЕН,0893068531,2024-07-12 09:48:46
71200,EUR,//www.imot.bg/pcgi/imot.cgi?act=5&adv=1b172069448002216&slink=auysd2&f1=3,monolit-bg.imot.bg,"град Габрово, Център",89,N/A,N/A,Продава 2-СТАЕН,0885118119,2024-07-12 09:48:46
74000,EUR,//www.imot.bg/pcgi/imot.cgi?act=5&adv=1b171412867461633&slink=auysd2&f1=3,regent.imot.bg,"град Габрово, Център",74,3,2025,Продава 2-СТАЕН,0887602324,2024-07-12 09:48:46
90000,EUR,//www.imot.bg/pcgi/imot.cgi?act=5&adv=1b171093795439979&slink=auysd2&f1=3,regent.imot.bg,"град Габрово, Център",120,5,2018,Продава 2-СТАЕН,0884119159,2024-07-12 09:48:46
88000,EUR,//www.imot.bg/pcgi/imot.cgi?act=5&adv=1b170711905966915&slink=auysd2&f1=3,regent.imot.bg,"град Габрово, Център",80,N/A,2024,Продава 2-СТАЕН,0884119159,2024-07-12 09:48:46
255000,лв.,//www.imot.bg/pcgi/imot.cgi?act=5&adv=1c171768536827192&slink=auysd2&f1=4,regent.imot.bg,"град Габрово, Бичкиня",80,N/A,1980,Продава 3-СТАЕН,0887602324,2024-07-12 09:48:47
80000,лв.,//www.imot.bg/pcgi/imot.cgi?act=5&adv=1c166738932428513&slink=auysd2&f1=4,address_vt.imot.bg,"град Габрово, Дядо Дянко",100,4,1985,Продава 3-СТАЕН,0885901961,2024-07-12 09:48:47
85000,лв.,//www.imot.bg/pcgi/imot.cgi?act=5&adv=1c171523974437364&slink=auysd2&f1=4,regent.imot.bg,"град Габрово, Дядо Дянко",87,N/A,1980,Продава 3-СТАЕН,0887602324,2024-07-12 09:48:47
110000,лв.,//www.imot.bg/pcgi/imot.cgi?act=5&adv=1c171716102033334&slink=auysd2&f1=4,regent.imot.bg,"град Габрово, Дядо Дянко",126,N/A,2000,Продава 3-СТАЕН,0884119159,2024-07-12 09:48:47
97000,лв.,//www.imot.bg/pcgi/imot.cgi?act=5&adv=1c171645043365026&slink=auysd2&f1=4,regent.imot.bg,"град Габрово, Младост",80,N/A,N/A,Продава 3-СТАЕН,N/A,2024-07-12 09:48:47
97000,лв.,//www.imot.bg/pcgi/imot.cgi?act=5&adv=1c171645309751797&slink=auysd2&f1=4,regent.imot.bg,"град Габрово, Младост",80,N/A,N/A,Продава 3-СТАЕН,N/A,2024-07-12 09:48:47
100000,лв.,//www.imot.bg/pcgi/imot.cgi?act=5&adv=1c168233743793001&slink=auysd2&f1=4,dikova.imot.bg,"град Габрово, Младост",75,N/A,N/A,Продава 3-СТАЕН,N/A,2024-07-12 09:48:47
55000,EUR,//www.imot.bg/pcgi/imot.cgi?act=5&adv=1c171940381985635&slink=auysd2&f1=4,dikova.imot.bg,"град Габрово, Младост",78,4,N/A,Продава 3-СТАЕН,0898675565,2024-07-12 09:48:47
61500,EUR,//www.imot.bg/pcgi/imot.cgi?act=5&adv=1c171759965508975&slink=auysd2&f1=4,superimotibg.imot.bg,"град Габрово, Младост",75,N/A,N/A,Продава 3-СТАЕН,0882638423,2024-07-12 09:48:47
149000,лв.,//www.imot.bg/pcgi/imot.cgi?act=5&adv=1c172001200899271&slink=auysd2&f1=4,regent.imot.bg,"град Габрово, Младост",109,3,1976,Продава 3-СТАЕН,0887602324,2024-07-12 09:48:47
160000,лв.,//www.imot.bg/pcgi/imot.cgi?act=5&adv=1c171870134780514&slink=auysd2&f1=4,regent.imot.bg,"град Габрово, Младост",78,N/A,1970,Продава 3-СТАЕН,0887602324,2024-07-12 09:48:47
125000,лв.,//www.imot.bg/pcgi/imot.cgi?act=5&adv=1c169450878721258&slink=auysd2&f1=4,dikova.imot.bg,"град Габрово, Сирмани",81,6,N/A,Продава 3-СТАЕН,N/A,2024-07-12 09:48:47
154000,лв.,//www.imot.bg/pcgi/imot.cgi?act=5&adv=1c170653358028085&slink=auysd2&f1=4,paragon.imot.bg,"град Габрово, Тлъчници",85,N/A,1980,Продава 3-СТАЕН,0889507112,2024-07-12 09:48:47
220000,лв.,//www.imot.bg/pcgi/imot.cgi?act=5&adv=1c171265811875058&slink=auysd2&f1=4,dikova.imot.bg,"град Габрово, Тлъчници",93,N/A,N/A,Продава 3-СТАЕН,0896370408,2024-07-12 09:48:47
117000,лв.,//www.imot.bg/pcgi/imot.cgi?act=5&adv=1c170013645718609&slink=auysd2&f1=4,dikova.imot.bg,"град Габрово, Трендафил 1",76,N/A,N/A,Продава 3-СТАЕН,0892235961,2024-07-12 09:48:47
154000,лв.,//www.imot.bg/pcgi/imot.cgi?act=5&adv=1c170678174169066&slink=auysd2&f1=4,dikova.imot.bg,"град Габрово, Трендафил 1",81,N/A,N/A,Продава 3-СТАЕН,0898675565,2024-07-12 09:48:47
155000,лв.,//www.imot.bg/pcgi/imot.cgi?act=5&adv=1c171439246364346&slink=auysd2&f1=4,dikova.imot.bg,"град Габрово, Трендафил 1",82,N/A,N/A,Продава 3-СТАЕН,0896752740,2024-07-12 09:48:47
100000,лв.,//www.imot.bg/pcgi/imot.cgi?act=5&adv=1c171811462707518&slink=auysd2&f1=4,dikova.imot.bg,"град Габрово, Трендафил 2",76,N/A,N/A,Продава 3-СТАЕН,0892235961,2024-07-12 09:48:47
115000,лв.,//www.imot.bg/pcgi/imot.cgi?act=5&adv=1c171808690033754&slink=auysd2&f1=4,leoimoti.imot.bg,"град Габрово, Трендафил 2",87,N/A,N/A,Продава 3-СТАЕН,0896242419,2024-07-12 09:48:47
60000,лв.,//www.imot.bg/pcgi/imot.cgi?act=5&adv=1c154263355596322&slink=auysd2&f1=4,regent.imot.bg,"град Габрово, Център",187,3,1970,Продава 3-СТАЕН,0884119159,2024-07-12 09:48:47
40000,EUR,//www.imot.bg/pcgi/imot.cgi?act=5&adv=1c151213967390608&slink=auysd2&f1=4,regent.imot.bg,"град Габрово, Център",90,4,N/A,Продава 3-СТАЕН,N/A,2024-07-12 09:48:47
83000,лв.,//www.imot.bg/pcgi/imot.cgi?act=5&adv=1c171749195370475&slink=auysd2&f1=4,dikova.imot.bg,"град Габрово, Център",70,N/A,N/A,Продава 3-СТАЕН,0896370408,2024-07-12 09:48:47
85000,лв.,//www.imot.bg/pcgi/imot.cgi?act=5&adv=1c170428892457985&slink=auysd2&f1=4,regent.imot.bg,"град Габрово, Център",83,N/A,N/A,Продава 3-СТАЕН,0886270697,2024-07-12 09:48:47
89999,лв.,//www.imot.bg/pcgi/imot.cgi?act=5&adv=1c169744197716275&slink=auysd2&f1=4,regent.imot.bg,"град Габрово, Център",110,N/A,N/A,Продава 3-СТАЕН,0888181250,2024-07-12 09:48:47
90000,лв.,//www.imot.bg/pcgi/imot.cgi?act=5&adv=1c170964451124610&slink=auysd2&f1=4,regent.imot.bg,"град Габрово, Център",76,3,1970,Продава 3-СТАЕН,0887602324,2024-07-12 09:48:47
93000,лв.,//www.imot.bg/pcgi/imot.cgi?act=5&adv=1c166193692632655&slink=auysd2&f1=4,dikova.imot.bg,"град Габрово, Център",80,N/A,N/A,Продава 3-СТАЕН,0896370408,2024-07-12 09:48:47
95000,лв.,//www.imot.bg/pcgi/imot.cgi?act=5&adv=1c169260831827692&slink=auysd2&f1=4,dikova.imot.bg,"град Габрово, Център",100,4,1970,Продава 3-СТАЕН,0898677625,2024-07-12 09:48:47
100000,лв.,//www.imot.bg/pcgi/imot.cgi?act=5&adv=1c171594002309268&slink=auysd2&f1=4,monolit-bg.imot.bg,"град Габрово, Център",86,N/A,N/A,Продава 3-СТАЕН,0885118119,2024-07-12 09:48:47
108000,лв.,//www.imot.bg/pcgi/imot.cgi?act=5&adv=1c169451339304161&slink=auysd2&f1=4,monolit-bg.imot.bg,"град Габрово, Център",60,N/A,N/A,Продава 3-СТАЕН,0885118119,2024-07-12 09:48:47
110000,лв.,//www.imot.bg/pcgi/imot.cgi?act=5&adv=1c165831775328771&slink=auysd2&f1=4,monolit-bg.imot.bg,"град Габрово, Център",150,N/A,N/A,Продава 3-СТАЕН,0885118119,2024-07-12 09:48:47
110000,лв.,//www.imot.bg/pcgi/imot.cgi?act=5&adv=1c171646967832133&slink=auysd2&f1=4,dikova.imot.bg,"град Габрово, Център",87,N/A,N/A,Продава 3-СТАЕН,0890176992,2024-07-12 09:48:47
60000,EUR,//www.imot.bg/pcgi/imot.cgi?act=5&adv=1c137180226355252&slink=auysd2&f1=4,regent.imot.bg,"град Габрово, Център",240,N/A,N/A,Продава 3-СТАЕН,0884119159,2024-07-12 09:48:47
130000,лв.,//www.imot.bg/pcgi/imot.cgi?act=5&adv=1c170730744369137&slink=auysd2&f1=4,regent.imot.bg,"град Габрово, Център",95,3,N/A,Продава 3-СТАЕН,0884119159,2024-07-12 09:48:47
130000,лв.,//www.imot.bg/pcgi/imot.cgi?act=5&adv=1c170446179378463&slink=auysd2&f1=4,regent.imot.bg,"град Габрово, Център",250,N/A,N/A,Продава 3-СТАЕН,0884119159,2024-07-12 09:48:47
130000,лв.,//www.imot.bg/pcgi/imot.cgi?act=5&adv=1c168915003541075&slink=auysd2&f1=4,dikova.imot.bg,"град Габрово, Център",95,N/A,N/A,Продава 3-СТАЕН,0892235961,2024-07-12 09:48:47
130000,лв.,//www.imot.bg/pcgi/imot.cgi?act=5&adv=1c156136421525911&slink=auysd2&f1=5,dikova.imot.bg,"град Габрово, Център",90,4,N/A,Продава 3-СТАЕН,0892235961,2024-07-12 09:48:49
130000,лв.,//www.imot.bg/pcgi/imot.cgi?act=5&adv=1c167405102110202&slink=auysd2&f1=5,regent.imot.bg,"град Габрово, Център",97,N/A,N/A,Продава 3-СТАЕН,0887602324,2024-07-12 09:48:49
68000,EUR,//www.imot.bg/pcgi/imot.cgi?act=5&adv=1c171404344138929&slink=auysd2&f1=5,regent.imot.bg,"град Габрово, Център",104,3,N/A,Продава 3-СТАЕН,0878528724,2024-07-12 09:48:49
70000,EUR,//www.imot.bg/pcgi/imot.cgi?act=5&adv=1c170427105715161&slink=auysd2&f1=5,regent.imot.bg,"град Габрово, Център",132,N/A,N/A,Продава 3-СТАЕН,0886270697,2024-07-12 09:48:49
70000,EUR,//www.imot.bg/pcgi/imot.cgi?act=5&adv=1c169270741662689&slink=auysd2&f1=5,regent.imot.bg,"град Габрово, Център",79,3,2010,Продава 3-СТАЕН,0884119159,2024-07-12 09:48:49
72000,EUR,//www.imot.bg/pcgi/imot.cgi?act=5&adv=1c163724135765630&slink=auysd2&f1=5,regent.imot.bg,"град Габрово, Център",160,N/A,1960,Продава 3-СТАЕН,0884119159,2024-07-12 09:48:49
75000,EUR,//www.imot.bg/pcgi/imot.cgi?act=5&adv=1c148542855182412&slink=auysd2&f1=5,monolit-bg.imot.bg,"град Габрово, Център",85,5,N/A,Продава 3-СТАЕН,0885118119,2024-07-12 09:48:49
76000,EUR,//www.imot.bg/pcgi/imot.cgi?act=5&adv=1c171585388929520&slink=auysd2&f1=5,dikova.imot.bg,"град Габрово, Център",78,3,N/A,Продава 3-СТАЕН,0898675565,2024-07-12 09:48:49
76000,EUR,//www.imot.bg/pcgi/imot.cgi?act=5&adv=1c170498205939479&slink=auysd2&f1=5,regent.imot.bg,"град Габрово, Център",120,3,N/A,Продава 3-СТАЕН,0888181250,2024-07-12 09:48:49
150000,лв.,//www.imot.bg/pcgi/imot.cgi?act=5&adv=1c170532626921446&slink=auysd2&f1=5,regent.imot.bg,"град Габрово, Център",116,N/A,1980,Продава 3-СТАЕН,0887710070,2024-07-12 09:48:49
66500,EUR,//www.imot.bg/pcgi/imot.cgi?act=5&adv=1c169804215498394&slink=auysd2&f1=5,koevimotiaddress.imot.bg,"град Габрово, Център",116,4,N/A,Продава 3-СТАЕН,N/A,2024-07-12 09:48:49
80000,EUR,//www.imot.bg/pcgi/imot.cgi?act=5&adv=1c166142610181514&slink=auysd2&f1=5,regent.imot.bg,"град Габрово, Център",87,5,1980,Продава 3-СТАЕН,0884119159,2024-07-12 09:48:49
159000,лв.,//www.imot.bg/pcgi/imot.cgi?act=5&adv=1c170557156020319&slink=auysd2&f1=5,dikova.imot.bg,"град Габрово, Център",81,N/A,N/A,Продава 3-СТАЕН,0896752740,2024-07-12 09:48:49
159000,лв.,//www.imot.bg/pcgi/imot.cgi?act=5&adv=1c171749746363500&slink=auysd2&f1=5,regent.imot.bg,"град Габрово, Център",81,4,1970,Продава 3-СТАЕН,0887602324,2024-07-12 09:48:49
159999,лв.,//www.imot.bg/pcgi/imot.cgi?act=5&adv=1c171050313856617&slink=auysd2&f1=5,regent.imot.bg,"град Габрово, Център",130,4,N/A,Продава 3-СТАЕН,0884119159,2024-07-12 09:48:49
160500,лв.,//www.imot.bg/pcgi/imot.cgi?act=5&adv=1c161699432987547&slink=auysd2&f1=5,monolit-bg.imot.bg,"град Габрово, Център",132,N/A,N/A,Продава 3-СТАЕН,0885118119,2024-07-12 09:48:49
160800,лв.,//www.imot.bg/pcgi/imot.cgi?act=5&adv=1c161699476686160&slink=auysd2&f1=5,monolit-bg.imot.bg,"град Габрово, Център",120,3,N/A,Продава 3-СТАЕН,0885118119,2024-07-12 09:48:49
165000,лв.,//www.imot.bg/pcgi/imot.cgi?act=5&adv=1c172052195832487&slink=auysd2&f1=5,dikova.imot.bg,"град Габрово, Център",86,N/A,N/A,Продава 3-СТАЕН,0893068531,2024-07-12 09:48:49
87000,EUR,//www.imot.bg/pcgi/imot.cgi?act=5&adv=1c167576299290746&slink=auysd2&f1=5,dikova.imot.bg,"град Габрово, Център",137,N/A,N/A,Продава 3-СТАЕН,0892235961,2024-07-12 09:48:49
175000,лв.,//www.imot.bg/pcgi/imot.cgi?act=5&adv=1c171507125625633&slink=auysd2&f1=5,regent.imot.bg,"град Габрово, Център",81,N/A,2010,Продава 3-СТАЕН,0887602324,2024-07-12 09:48:49
75400,EUR,//www.imot.bg/pcgi/imot.cgi?act=5&adv=1c166729189143901&slink=auysd2&f1=5,regent.imot.bg,"град Габрово, Център",133,3,2020,Продава 3-СТАЕН,0887602324,2024-07-12 09:48:49
94500,EUR,//www.imot.bg/pcgi/imot.cgi?act=5&adv=1c171137435553910&slink=auysd2&f1=5,regent.imot.bg,"град Габрово, Център",116,5,N/A,Продава 3-СТАЕН,0884119159,2024-07-12 09:48:49
79650,EUR,//www.imot.bg/pcgi/imot.cgi?act=5&adv=1c170307326060626&slink=auysd2&f1=5,koevimotiaddress.imot.bg,"град Габрово, Център",69,N/A,N/A,Продава 3-СТАЕН,N/A,2024-07-12 09:48:49
100000,EUR,//www.imot.bg/pcgi/imot.cgi?act=5&adv=1c154391718481428&slink=auysd2&f1=5,regent.imot.bg,"град Габрово, Център",95,N/A,2009,Продава 3-СТАЕН,0884119159,2024-07-12 09:48:49
100000,EUR,//www.imot.bg/pcgi/imot.cgi?act=5&adv=1c170723027309327&slink=auysd2&f1=5,regent.imot.bg,"град Габрово, Център",140,N/A,N/A,Продава 3-СТАЕН,0884119159,2024-07-12 09:48:49
83950,EUR,//www.imot.bg/pcgi/imot.cgi?act=5&adv=1c170314841408879&slink=auysd2&f1=5,koevimotiaddress.imot.bg,"град Габрово, Център",73,4,N/A,Продава 3-СТАЕН,N/A,2024-07-12 09:48:49
210000,лв.,//www.imot.bg/pcgi/imot.cgi?act=5&adv=1c152396469988733&slink=auysd2&f1=5,regent.imot.bg,"град Габрово, Център",115,3,2010,Продава 3-СТАЕН,0884119159,2024-07-12 09:48:49
210000,лв.,//www.imot.bg/pcgi/imot.cgi?act=5&adv=1c171819483597000&slink=auysd2&f1=5,regent.imot.bg,"град Габрово, Център",98,9,N/A,Продава 3-СТАЕН,0887602324,2024-07-12 09:48:49
110000,EUR,//www.imot.bg/pcgi/imot.cgi?act=5&adv=1c168924983676171&slink=auysd2&f1=5,regent.imot.bg,"град Габрово, Център",90,N/A,1980,Продава 3-СТАЕН,0884119159,2024-07-12 09:48:49
110000,EUR,//www.imot.bg/pcgi/imot.cgi?act=5&adv=1c171524250296631&slink=auysd2&f1=5,dikova.imot.bg,"град Габрово, Център",79,N/A,N/A,Продава 3-СТАЕН,0890176993,2024-07-12 09:48:49
110000,EUR,//www.imot.bg/pcgi/imot.cgi?act=5&adv=1c161659340063075&slink=auysd2&f1=5,regent.imot.bg,"град Габрово, Център",79,N/A,N/A,Продава 3-СТАЕН,0888181250,2024-07-12 09:48:49
220000,лв.,//www.imot.bg/pcgi/imot.cgi?act=5&adv=1c168845991288942&slink=auysd2&f1=5,dikova.imot.bg,"град Габрово, Център",188,N/A,N/A,Продава 3-СТАЕН,0890176993,2024-07-12 09:48:49
116000,EUR,//www.imot.bg/pcgi/imot.cgi?act=5&adv=1c124748638731328&slink=auysd2&f1=5,monolit-bg.imot.bg,"град Габрово, Център",86,4,N/A,Продава 3-СТАЕН,N/A,2024-07-12 09:48:49
228590,лв.,//www.imot.bg/pcgi/imot.cgi?act=5&adv=1c170600931200781&slink=auysd2&f1=5,dikova.imot.bg,"град Габрово, Център",127,N/A,N/A,Продава 3-СТАЕН,0893068531,2024-07-12 09:48:49
120000,EUR,//www.imot.bg/pcgi/imot.cgi?act=5&adv=1c168303463884235&slink=auysd2&f1=5,sdelka.imot.bg,"град Габрово, Център",105,3,2012,Продава 3-СТАЕН,0897999595,2024-07-12 09:48:49
120080,EUR,//www.imot.bg/pcgi/imot.cgi?act=5&adv=1c167154326187615&slink=auysd2&f1=5,regent.imot.bg,"град Габрово, Център",127,3,2025,Продава 3-СТАЕН,0887602324,2024-07-12 09:48:49
247000,лв.,//www.imot.bg/pcgi/imot.cgi?act=5&adv=1c169035663656338&slink=auysd2&f1=5,dikova.imot.bg,"град Габрово, Център",150,N/A,1996,Продава 3-СТАЕН,0898677625,2024-07-12 09:48:49
250000,лв.,//www.imot.bg/pcgi/imot.cgi?act=5&adv=1c169761276088097&slink=auysd2&f1=6,dikova.imot.bg,"град Габрово, Център",129,N/A,N/A,Продава 3-СТАЕН,0892235961,2024-07-12 09:48:50
106950,EUR,//www.imot.bg/pcgi/imot.cgi?act=5&adv=1c170439793680327&slink=auysd2&f1=6,koevimotiaddress.imot.bg,"град Габрово, Център",93,N/A,N/A,Продава 3-СТАЕН,N/A,2024-07-12 09:48:50
130000,EUR,//www.imot.bg/pcgi/imot.cgi?act=5&adv=1c171628069812741&slink=auysd2&f1=6,dikova.imot.bg,"град Габрово, Център",108,N/A,N/A,Продава 3-СТАЕН,0896752740,2024-07-12 09:48:50
127000,EUR,//www.imot.bg/pcgi/imot.cgi?act=5&adv=1c171266718094514&slink=auysd2&f1=6,msbuild.imot.bg,"град Габрово, Център",127,3,2025,Продава 3-СТАЕН,0885082359,2024-07-12 09:48:50
300000,лв.,//www.imot.bg/pcgi/imot.cgi?act=5&adv=1c159471362638975&slink=auysd2&f1=6,dikova.imot.bg,"град Габрово, Център",129,N/A,N/A,Продава 3-СТАЕН,N/A,2024-07-12 09:48:50
321000,лв.,//www.imot.bg/pcgi/imot.cgi?act=5&adv=1c171292554035506&slink=auysd2&f1=6,regent.imot.bg,"град Габрово, Център",213,N/A,N/A,Продава 3-СТАЕН,0884119159,2024-07-12 09:48:50
165750,EUR,//www.imot.bg/pcgi/imot.cgi?act=5&adv=1c171093814556105&slink=auysd2&f1=6,regent.imot.bg,"град Габрово, Център",221,5,2018,Продава 3-СТАЕН,0884119159,2024-07-12 09:48:50
150000,EUR,//www.imot.bg/pcgi/imot.cgi?act=5&adv=1c171266635388123&slink=auysd2&f1=6,msbuild.imot.bg,"град Габрово, Център",150,N/A,2025,Продава 3-СТАЕН,0885082359,2024-07-12 09:48:50
154000,EUR,//www.imot.bg/pcgi/imot.cgi?act=5&adv=1c170711932761670&slink=auysd2&f1=6,regent.imot.bg,"град Габрово, Център",140,4,2024,Продава 3-СТАЕН,0884119159,2024-07-12 09:48:50
230000,EUR,//www.imot.bg/pcgi/imot.cgi?act=5&adv=1c161406020787263&slink=auysd2&f1=6,regent.imot.bg,"град Габрово, Център",165,N/A,2011,Продава 3-СТАЕН,0884119159,2024-07-12 09:48:50
80000,EUR,//www.imot.bg/pcgi/imot.cgi?act=5&adv=1d161737932613813&slink=auysd2&f1=6,monolit-bg.imot.bg,"град Габрово, Център",116,N/A,N/A,Продава 4-СТАЕН,0885118119,2024-07-12 09:48:50
74000,EUR,//www.imot.bg/pcgi/imot.cgi?act=5&adv=1d142071523530950&slink=auysd2&f1=6,monolit-bg.imot.bg,"град Габрово, Център",130,N/A,2022,Продава 4-СТАЕН,0885118119,2024-07-12 09:48:50
75400,EUR,//www.imot.bg/pcgi/imot.cgi?act=5&adv=1d169804414817188&slink=auysd2&f1=6,koevimotiaddress.imot.bg,"град Габрово, Център",132,4,N/A,Продава 4-СТАЕН,N/A,2024-07-12 09:48:50
95000,EUR,//www.imot.bg/pcgi/imot.cgi?act=5&adv=1d169650480716113&slink=auysd2&f1=6,regent.imot.bg,"град Габрово, Център",120,N/A,1980,Продава 4-СТАЕН,0887710070,2024-07-12 09:48:50
102000,EUR,//www.imot.bg/pcgi/imot.cgi?act=5&adv=1d156042231079704&slink=auysd2&f1=6,monolit-bg.imot.bg,"град Габрово, Център",110,N/A,N/A,Продава 4-СТАЕН,0885118119,2024-07-12 09:48:50
115000,EUR,//www.imot.bg/pcgi/imot.cgi?act=5&adv=1d171769958619396&slink=auysd2&f1=6,regent.imot.bg,"град Габрово, Център",92,N/A,N/A,Продава 4-СТАЕН,0885151488,2024-07-12 09:48:50
28000,лв.,//www.imot.bg/pcgi/imot.cgi?act=5&adv=1a168258466851120&slink=auysd2&f1=2,regent.imot.bg,"град Габрово, Център",30,N/A,1960,Продава 1-СТАЕН,0887602324,2024-07-12 09:48:51
23000,EUR,//www.imot.bg/pcgi/imot.cgi?act=5&adv=1a171385612982173&slink=auysd2&f1=2,dikova.imot.bg,"град Габрово, Център",28,N/A,N/A,Продава 1-СТАЕН,0893068531,2024-07-12 09:48:51
50000,лв.,//www.imot.bg/pcgi/imot.cgi?act=5&adv=1a170478785533839&slink=auysd2&f1=2,regent.imot.bg,"град Габрово, Център",47,N/A,1960,Продава 1-СТАЕН,0887602324,2024-07-12 09:48:51
58000,лв.,//www.imot.bg/pcgi/imot.cgi?act=5&adv=1a169883746107080&slink=auysd2&f1=2,monolit-bg.imot.bg,"град Габрово, Център",49,N/A,N/A,Продава 1-СТАЕН,0885118119,2024-07-12 09:48:51
39100,EUR,//www.imot.bg/pcgi/imot.cgi?act=5&adv=1a170326500283712&slink=auysd2&f1=2,koevimotiaddress.imot.bg,"град Габрово, Център",34,N/A,N/A,Продава 1-СТАЕН,N/A,2024-07-12 09:48:51
47150,EUR,//www.imot.bg/pcgi/imot.cgi?act=5&adv=1a170439858236167&slink=auysd2&f1=2,koevimotiaddress.imot.bg,"град Габрово, Център",41,3,N/A,Продава 1-СТАЕН,N/A,2024-07-12 09:48:51
53000,EUR,//www.imot.bg/pcgi/imot.cgi?act=5&adv=1a171750128570786&slink=auysd2&f1=2,regent.imot.bg,"град Габрово, Център",53,N/A,2024,Продава 1-СТАЕН,0886886888,2024-07-12 09:48:51
130000,лв.,//www.imot.bg/pcgi/imot.cgi?act=5&adv=1a171991847422357&slink=auysd2&f1=2,dikova.imot.bg,"град Габрово, Център",50,4,N/A,Продава 1-СТАЕН,0898675565,2024-07-12 09:48:51
60000,лв.,//www.imot.bg/pcgi/imot.cgi?act=5&adv=1b153008073655061&slink=auysd2&f1=2,regent.imot.bg,"град Габрово, Бичкиня",65,5,N/A,Продава 2-СТАЕН,0897502002,2024-07-12 09:48:51
75000,лв.,//www.imot.bg/pcgi/imot.cgi?act=5&adv=1b171679807769286&slink=auysd2&f1=2,dikova.imot.bg,"град Габрово, Бичкиня",53,N/A,N/A,Продава 2-СТАЕН,0890176993,2024-07-12 09:48:51
39900,EUR,//www.imot.bg/pcgi/imot.cgi?act=5&adv=1b170246713043694&slink=auysd2&f1=2,sdelka.imot.bg,"град Габрово, Бичкиня",60,3,N/A,Продава 2-СТАЕН,0896840926,2024-07-12 09:48:51
72000,лв.,//www.imot.bg/pcgi/imot.cgi?act=5&adv=1b171705840800405&slink=auysd2&f1=2,regent.imot.bg,"град Габрово, Дядо Дянко",72,N/A,1970,Продава 2-СТАЕН,0886457295,2024-07-12 09:48:51
37500,EUR,//www.imot.bg/pcgi/imot.cgi?act=5&adv=1b171829090161391&slink=auysd2&f1=2,superimotibg.imot.bg,"град Габрово, Дядо Дянко",70,N/A,N/A,Продава 2-СТАЕН,0882638423,2024-07-12 09:48:51
75000,лв.,//www.imot.bg/pcgi/imot.cgi?act=5&adv=1b171637965532807&slink=auysd2&f1=2,dikova.imot.bg,"град Габрово, Дядо Дянко",71,N/A,N/A,Продава 2-СТАЕН,0896370408,2024-07-12 09:48:51
39900,EUR,//www.imot.bg/pcgi/imot.cgi?act=5&adv=1b168362224796456&slink=auysd2&f1=2,koevimotiaddress.imot.bg,"град Габрово, Дядо Дянко",60,4,N/A,Продава 2-СТАЕН,N/A,2024-07-12 09:48:51
80000,лв.,//www.imot.bg/pcgi/imot.cgi?act=5&adv=1b169986732880446&slink=auysd2&f1=2,regent.imot.bg,"град Габрово, Дядо Дянко",78,N/A,1980,Продава 2-СТАЕН,0887710070,2024-07-12 09:48:51
68000,лв.,//www.imot.bg/pcgi/imot.cgi?act=5&adv=1b169884451003253&slink=auysd2&f1=2,regent.imot.bg,"град Габрово, Младост",57,N/A,N/A,Продава 2-СТАЕН,0883750505,2024-07-12 09:48:51
71000,лв.,//www.imot.bg/pcgi/imot.cgi?act=5&adv=1b169874909229735&slink=auysd2&f1=2,monolit-bg.imot.bg,"град Габрово, Младост",67,5,N/A,Продава 2-СТАЕН,0885118119,2024-07-12 09:48:51
71000,лв.,//www.imot.bg/pcgi/imot.cgi?act=5&adv=1b163370019659585&slink=auysd2&f1=2,regent.imot.bg,"град Габрово, Младост",67,5,1975,Продава 2-СТАЕН,0887602324,2024-07-12 09:48:51
78000,лв.,//www.imot.bg/pcgi/imot.cgi?act=5&adv=1b171170611159993&slink=auysd2&f1=2,sdelka.imot.bg,"град Габрово, Младост",61,N/A,N/A,Продава 2-СТАЕН,0897999595,2024-07-12 09:48:51
78000,лв.,//www.imot.bg/pcgi/imot.cgi?act=5&adv=1b168484007097493&slink=auysd2&f1=2,sdelka.imot.bg,"град Габрово, Младост",55,N/A,N/A,Продава 2-СТАЕН,0896840926,2024-07-12 09:48:51
80000,лв.,//www.imot.bg/pcgi/imot.cgi?act=5&adv=1b167540838538181&slink=auysd2&f1=2,dikova.imot.bg,"град Габрово, Младост",65,N/A,N/A,Продава 2-СТАЕН,0898677625,2024-07-12 09:48:51
83000,лв.,//www.imot.bg/pcgi/imot.cgi?act=5&adv=1b171566989327957&slink=auysd2&f1=2,regent.imot.bg,"град Габрово, Младост",58,N/A,N/A,Продава 2-СТАЕН,0884119159,2024-07-12 09:48:51
51000,EUR,//www.imot.bg/pcgi/imot.cgi?act=5&adv=1b171595395692540&slink=auysd2&f1=2,sdelka.imot.bg,"град Габрово, Младост",55,4,N/A,Продава 2-СТАЕН,0894559910,2024-07-12 09:48:51
99900,лв.,//www.imot.bg/pcgi/imot.cgi?act=5&adv=1b171585195728272&slink=auysd2&f1=2,monolit-bg.imot.bg,"град Габрово, Младост",68,N/A,N/A,Продава 2-СТАЕН,0885118119,2024-07-12 09:48:51
110000,лв.,//www.imot.bg/pcgi/imot.cgi?act=5&adv=1b171938698193772&slink=auysd2&f1=2,dikova.imot.bg,"град Габрово, Младост",63,N/A,N/A,Продава 2-СТАЕН,0893068531,2024-07-12 09:48:51
63500,EUR,//www.imot.bg/pcgi/imot.cgi?act=5&adv=1b171326701326921&slink=auysd2&f1=2,monolit-bg.imot.bg,"град Габрово, Младост",65,N/A,N/A,Продава 2-СТАЕН,0885118119,2024-07-12 09:48:51
124500,лв.,//www.imot.bg/pcgi/imot.cgi?act=5&adv=1b171102651530732&slink=auysd2&f1=2,koevimotiaddress.imot.bg,"град Габрово, Младост",67,N/A,N/A,Продава 2-СТАЕН,0886247408,2024-07-12 09:48:51
150000,лв.,//www.imot.bg/pcgi/imot.cgi?act=5&adv=1b171818328106821&slink=auysd2&f1=2,dikova.imot.bg,"град Габрово, Младост",64,N/A,N/A,Продава 2-СТАЕН,0896370408,2024-07-12 09:48:51
45000,EUR,//www.imot.bg/pcgi/imot.cgi?act=5&adv=1b167767869867519&slink=auysd2&f1=2,paragon.imot.bg,"град Габрово, Русевци",57,N/A,N/A,Продава 2-СТАЕН,0889507112,2024-07-12 09:48:51
79500,лв.,//www.imot.bg/pcgi/imot.cgi?act=5&adv=1b169096799218927&slink=auysd2&f1=2,dikova.imot.bg,"град Габрово, Сирмани",68,6,N/A,Продава 2-СТАЕН,0893068531,2024-07-12 09:48:51
68000,лв.,//www.imot.bg/pcgi/imot.cgi?act=5&adv=1b170557883807332&slink=auysd2&f1=2,dikova.imot.bg,"град Габрово, Трендафил 1",58,N/A,N/A,Продава 2-СТАЕН,0892235961,2024-07-12 09:48:51
37000,EUR,//www.imot.bg/pcgi/imot.cgi?act=5&adv=1b168855046334305&slink=auysd2&f1=2,sdelka.imot.bg,"град Габрово, Трендафил 1",65,6,N/A,Продава 2-СТАЕН,0894559910,2024-07-12 09:48:51
53686,EUR,//www.imot.bg/pcgi/imot.cgi?act=5&adv=1b170973253643568&slink=auysd2&f1=2,regent.imot.bg,"град Габрово, Трендафил 1",57,4,N/A,Продава 2-СТАЕН,0889514617,2024-07-12 09:48:51
55000,EUR,//www.imot.bg/pcgi/imot.cgi?act=5&adv=1b172009744380592&slink=auysd2&f1=3,regent.imot.bg,"град Габрово, Трендафил 1",70,N/A,N/A,Продава 2-СТАЕН,0884119159,2024-07-12 09:48:53
60000,EUR,//www.imot.bg/pcgi/imot.cgi?act=5&adv=1b172009762415372&slink=auysd2&f1=3,regent.imot.bg,"град Габрово, Трендафил 1",71,4,N/A,Продава 2-СТАЕН,0884119159,2024-07-12 09:48:53
55000,лв.,//www.imot.bg/pcgi/imot.cgi?act=5&adv=1b170964459981604&slink=auysd2&f1=3,regent.imot.bg,"град Габрово, Трендафил 2",48,N/A,N/A,Продава 2-СТАЕН,0884119159,2024-07-12 09:48:53
58000,лв.,//www.imot.bg/pcgi/imot.cgi?act=5&adv=1b171508398027525&slink=auysd2&f1=3,regent.imot.bg,"град Габрово, Трендафил 2",40,N/A,N/A,Продава 2-СТАЕН,N/A,2024-07-12 09:48:53
95000,лв.,//www.imot.bg/pcgi/imot.cgi?act=5&adv=1b171939141425943&slink=auysd2&f1=3,dikova.imot.bg,"град Габрово, Трендафил 2",62,6,N/A,Продава 2-СТАЕН,0890176992,2024-07-12 09:48:53
55000,лв.,//www.imot.bg/pcgi/imot.cgi?act=5&adv=1b168657353953936&slink=auysd2&f1=3,regent.imot.bg,"град Габрово, Център",63,N/A,N/A,Продава 2-СТАЕН,0886270697,2024-07-12 09:48:53
55000,лв.,//www.imot.bg/pcgi/imot.cgi?act=5&adv=1b168655955977191&slink=auysd2&f1=3,dikova.imot.bg,"град Габрово, Център",62,N/A,N/A,Продава 2-СТАЕН,0898675565,2024-07-12 09:48:53
55000,лв.,//www.imot.bg/pcgi/imot.cgi?act=5&adv=1b170679313064871&slink=auysd2&f1=3,accent_vt.imot.bg,"град Габрово, Център",62,N/A,N/A,Продава 2-СТАЕН,0878787185,2024-07-12 09:48:53
64000,лв.,//www.imot.bg/pcgi/imot.cgi?act=5&adv=1b172069511673450&slink=auysd2&f1=3,paragon.imot.bg,"град Габрово, Център",58,3,1959,Продава 2-СТАЕН,0889507112,2024-07-12 09:48:53
70000,лв.,//www.imot.bg/pcgi/imot.cgi?act=5&adv=1b164620660632145&slink=auysd2&f1=3,dikova.imot.bg,"град Габрово, Център",67,4,1980,Продава 2-СТАЕН,0896752740,2024-07-12 09:48:53
73000,лв.,//www.imot.bg/pcgi/imot.cgi?act=5&adv=1b167153409325538&slink=auysd2&f1=3,dikova.imot.bg,"град Габрово, Център",59,5,1974,Продава 2-СТАЕН,0893068531,2024-07-12 09:48:53
73000,лв.,//www.imot.bg/pcgi/imot.cgi?act=5&adv=1b165821745753970&slink=auysd2&f1=3,paragon.imot.bg,"град Габрово, Център",63,5,1974,Продава 2-СТАЕН,0889507112,2024-07-12 09:48:53
40000,EUR,//www.imot.bg/pcgi/imot.cgi?act=5&adv=1b171629525896883&slink=auysd2&f1=3,regent.imot.bg,"град Габрово, Център",54,N/A,N/A,Продава 2-СТАЕН,0894386388,2024-07-12 09:48:53
80000,лв.,//www.imot.bg/pcgi/imot.cgi?act=5&adv=1b166295785336705&slink=auysd2&f1=3,monolit-bg.imot.bg,"град Габрово, Център",66,N/A,1980,Продава 2-СТАЕН,0885118119,2024-07-12 09:48:53
80000,лв.,//www.imot.bg/pcgi/imot.cgi?act=5&adv=1b171940695002550&slink=auysd2&f1=3,regent.imot.bg,"град Габрово, Център",63,5,N/A,Продава 2-СТАЕН,0883750505,2024-07-12 09:48:53
85000,лв.,//www.imot.bg/pcgi/imot.cgi?act=5&adv=1b170679675015230&slink=auysd2&f1=3,regent.imot.bg,"град Габрово, Център",62,5,N/A,Продава 2-СТАЕН,0884119159,2024-07-12 09:48:53
85000,лв.,//www.imot.bg/pcgi/imot.cgi?act=5&adv=1b170800633472540&slink=auysd2&f1=3,dikova.imot.bg,"град Габрово, Център",62,N/A,N/A,Продава 2-СТАЕН,0896752740,2024-07-12 09:48:53
85000,лв.,//www.imot.bg/pcgi/imot.cgi?act=5&adv=1b171533904425903&slink=auysd2&f1=3,dikova.imot.bg,"град Габрово, Център",76,N/A,N/A,Продава 2-СТАЕН,0896370408,2024-07-12 09:48:53
88000,лв.,//www.imot.bg/pcgi/imot.cgi?act=5&adv=1b171015686044025&slink=auysd2&f1=3,koevimotiaddress.imot.bg,"град Габрово, Център",50,3,N/A,Продава 2-СТАЕН,N/A,2024-07-12 09:48:53
90000,лв.,//www.imot.bg/pcgi/imot.cgi?act=5&adv=1b171094632795537&slink=auysd2&f1=3,regent.imot.bg,"град Габрово, Център",68,4,1975,Продава 2-СТАЕН,0887602324,2024-07-12 09:48:53
50000,EUR,//www.imot.bg/pcgi/imot.cgi?act=5&adv=1b165043233071723&slink=auysd2&f1=3,regent.imot.bg,"град Габрово, Център",55,6,2010,Продава 2-СТАЕН,0884119159,2024-07-12 09:48:53
55000,EUR,//www.imot.bg/pcgi/imot.cgi?act=5&adv=1b169574044405420&slink=auysd2&f1=3,superimotibg.imot.bg,"град Габрово, Център",71,5,1979,Продава 2-СТАЕН,0882638423,2024-07-12 09:48:53
110000,лв.,//www.imot.bg/pcgi/imot.cgi?act=5&adv=1b171558657698818&slink=auysd2&f1=3,dikova.imot.bg,"град Габрово, Център",74,N/A,N/A,Продава 2-СТАЕН,0898677625,2024-07-12 09:48:53
117000,лв.,//www.imot.bg/pcgi/imot.cgi?act=5&adv=1b171015125053535&slink=auysd2&f1=3,dikova.imot.bg,"град Габрово, Център",72,N/A,N/A,Продава 2-СТАЕН,0896752740,2024-07-12 09:48:53
117000,лв.,//www.imot.bg/pcgi/imot.cgi?act=5&adv=1b171395178527554&slink=auysd2&f1=3,regent.imot.bg,"град Габрово, Център",72,4,N/A,Продава 2-СТАЕН,0884119159,2024-07-12 09:48:53
119000,лв.,//www.imot.bg/pcgi/imot.cgi?act=5&adv=1b165028727821204&slink=auysd2&f1=3,dikova.imot.bg,"град Габрово, Център",87,3,N/A,Продава 2-СТАЕН,0869370408,2024-07-12 09:48:53
65600,EUR,//www.imot.bg/pcgi/imot.cgi?act=5&adv=1b169893656354471&slink=auysd2&f1=3,regent.imot.bg,"град Габрово, Център",82,N/A,N/A,Продава 2-СТАЕН,0884119159,2024-07-12 09:48:53
66600,EUR,//www.imot.bg/pcgi/imot.cgi?act=5&adv=1b168251204197849&slink=auysd2&f1=3,sdelka.imot.bg,"град Габрово, Център",82,N/A,N/A,Продава 2-СТАЕН,0896840926,2024-07-12 09:48:53
67000,EUR,//www.imot.bg/pcgi/imot.cgi?act=5&adv=1b153632964461416&slink=auysd2&f1=3,regent.imot.bg,"град Габрово, Център",67,N/A,1978,Продава 2-СТАЕН,0884119159,2024-07-12 09:48:53
67864,EUR,//www.imot.bg/pcgi/imot.cgi?act=5&adv=1b169893631271416&slink=auysd2&f1=3,regent.imot.bg,"град Габрово, Център",85,N/A,N/A,Продава 2-СТАЕН,0884119159,2024-07-12 09:48:53
68864,EUR,//www.imot.bg/pcgi/imot.cgi?act=5&adv=1b168251133332268&slink=auysd2&f1=3,sdelka.imot.bg,"град Габрово, Център",85,N/A,N/A,Продава 2-СТАЕН,0897999595,2024-07-12 09:48:53
59800,EUR,//www.imot.bg/pcgi/imot.cgi?act=5&adv=1b170439907454991&slink=auysd2&f1=3,koevimotiaddress.imot.bg,"град Габрово, Център",52,3,N/A,Продава 2-СТАЕН,N/A,2024-07-12 09:48:53
80000,EUR,//www.imot.bg/pcgi/imot.cgi?act=5&adv=1b164422495307688&slink=auysd2&f1=3,regent.imot.bg,"град Габрово, Център",125,N/A,N/A,Продава 2-СТАЕН,0888181250,2024-07-12 09:48:53
164930,лв.,//www.imot.bg/pcgi/imot.cgi?act=5&adv=1b170601793506504&slink=auysd2&f1=3,dikova.imot.bg,"град Габрово, Център",91,N/A,N/A,Продава 2-СТАЕН,0893068531,2024-07-12 09:48:53
71200,EUR,//www.imot.bg/pcgi/imot.cgi?act=5&adv=1b172069448002216&slink=auysd2&f1=3,monolit-bg.imot.bg,"град Габрово, Център",89,N/A,N/A,Продава 2-СТАЕН,0885118119,2024-07-12 09:48:53
74000,EUR,//www.imot.bg/pcgi/imot.cgi?act=5&adv=1b171412867461633&slink=auysd2&f1=3,regent.imot.bg,"град Габрово, Център",74,3,2025,Продава 2-СТАЕН,0887602324,2024-07-12 09:48:53
90000,EUR,//www.imot.bg/pcgi/imot.cgi?act=5&adv=1b171093795439979&slink=auysd2&f1=3,regent.imot.bg,"град Габрово, Център",120,5,2018,Продава 2-СТАЕН,0884119159,2024-07-12 09:48:53
88000,EUR,//www.imot.bg/pcgi/imot.cgi?act=5&adv=1b170711905966915&slink=auysd2&f1=3,regent.imot.bg,"град Габрово, Център",80,N/A,2024,Продава 2-СТАЕН,0884119159,2024-07-12 09:48:53
255000,лв.,//www.imot.bg/pcgi/imot.cgi?act=5&adv=1c171768536827192&slink=auysd2&f1=4,regent.imot.bg,"град Габрово, Бичкиня",80,N/A,1980,Продава 3-СТАЕН,0887602324,2024-07-12 09:48:55
80000,лв.,//www.imot.bg/pcgi/imot.cgi?act=5&adv=1c166738932428513&slink=auysd2&f1=4,address_vt.imot.bg,"град Габрово, Дядо Дянко",100,4,1985,Продава 3-СТАЕН,0885901961,2024-07-12 09:48:55
85000,лв.,//www.imot.bg/pcgi/imot.cgi?act=5&adv=1c171523974437364&slink=auysd2&f1=4,regent.imot.bg,"град Габрово, Дядо Дянко",87,N/A,1980,Продава 3-СТАЕН,0887602324,2024-07-12 09:48:55
110000,лв.,//www.imot.bg/pcgi/imot.cgi?act=5&adv=1c171716102033334&slink=auysd2&f1=4,regent.imot.bg,"град Габрово, Дядо Дянко",126,N/A,2000,Продава 3-СТАЕН,0884119159,2024-07-12 09:48:55
97000,лв.,//www.imot.bg/pcgi/imot.cgi?act=5&adv=1c171645043365026&slink=auysd2&f1=4,regent.imot.bg,"град Габрово, Младост",80,N/A,N/A,Продава 3-СТАЕН,N/A,2024-07-12 09:48:55
97000,лв.,//www.imot.bg/pcgi/imot.cgi?act=5&adv=1c171645309751797&slink=auysd2&f1=4,regent.imot.bg,"град Габрово, Младост",80,N/A,N/A,Продава 3-СТАЕН,N/A,2024-07-12 09:48:55
100000,лв.,//www.imot.bg/pcgi/imot.cgi?act=5&adv=1c168233743793001&slink=auysd2&f1=4,dikova.imot.bg,"град Габрово, Младост",75,N/A,N/A,Продава 3-СТАЕН,N/A,2024-07-12 09:48:55
55000,EUR,//www.imot.bg/pcgi/imot.cgi?act=5&adv=1c171940381985635&slink=auysd2&f1=4,dikova.imot.bg,"град Габрово, Младост",78,4,N/A,Продава 3-СТАЕН,0898675565,2024-07-12 09:48:55
61500,EUR,//www.imot.bg/pcgi/imot.cgi?act=5&adv=1c171759965508975&slink=auysd2&f1=4,superimotibg.imot.bg,"град Габрово, Младост",75,N/A,N/A,Продава 3-СТАЕН,0882638423,2024-07-12 09:48:55
149000,лв.,//www.imot.bg/pcgi/imot.cgi?act=5&adv=1c172001200899271&slink=auysd2&f1=4,regent.imot.bg,"град Габрово, Младост",109,3,1976,Продава 3-СТАЕН,0887602324,2024-07-12 09:48:55
160000,лв.,//www.imot.bg/pcgi/imot.cgi?act=5&adv=1c171870134780514&slink=auysd2&f1=4,regent.imot.bg,"град Габрово, Младост",78,N/A,1970,Продава 3-СТАЕН,0887602324,2024-07-12 09:48:55
125000,лв.,//www.imot.bg/pcgi/imot.cgi?act=5&adv=1c169450878721258&slink=auysd2&f1=4,dikova.imot.bg,"град Габрово, Сирмани",81,6,N/A,Продава 3-СТАЕН,N/A,2024-07-12 09:48:55
154000,лв.,//www.imot.bg/pcgi/imot.cgi?act=5&adv=1c170653358028085&slink=auysd2&f1=4,paragon.imot.bg,"град Габрово, Тлъчници",85,N/A,1980,Продава 3-СТАЕН,0889507112,2024-07-12 09:48:55
220000,лв.,//www.imot.bg/pcgi/imot.cgi?act=5&adv=1c171265811875058&slink=auysd2&f1=4,dikova.imot.bg,"град Габрово, Тлъчници",93,N/A,N/A,Продава 3-СТАЕН,0896370408,2024-07-12 09:48:55
117000,лв.,//www.imot.bg/pcgi/imot.cgi?act=5&adv=1c170013645718609&slink=auysd2&f1=4,dikova.imot.bg,"град Габрово, Трендафил 1",76,N/A,N/A,Продава 3-СТАЕН,0892235961,2024-07-12 09:48:55
154000,лв.,//www.imot.bg/pcgi/imot.cgi?act=5&adv=1c170678174169066&slink=auysd2&f1=4,dikova.imot.bg,"град Габрово, Трендафил 1",81,N/A,N/A,Продава 3-СТАЕН,0898675565,2024-07-12 09:48:55
155000,лв.,//www.imot.bg/pcgi/imot.cgi?act=5&adv=1c171439246364346&slink=auysd2&f1=4,dikova.imot.bg,"град Габрово, Трендафил 1",82,N/A,N/A,Продава 3-СТАЕН,0896752740,2024-07-12 09:48:55
100000,лв.,//www.imot.bg/pcgi/imot.cgi?act=5&adv=1c171811462707518&slink=auysd2&f1=4,dikova.imot.bg,"град Габрово, Трендафил 2",76,N/A,N/A,Продава 3-СТАЕН,0892235961,2024-07-12 09:48:55
115000,лв.,//www.imot.bg/pcgi/imot.cgi?act=5&adv=1c171808690033754&slink=auysd2&f1=4,leoimoti.imot.bg,"град Габрово, Трендафил 2",87,N/A,N/A,Продава 3-СТАЕН,0896242419,2024-07-12 09:48:55
60000,лв.,//www.imot.bg/pcgi/imot.cgi?act=5&adv=1c154263355596322&slink=auysd2&f1=4,regent.imot.bg,"град Габрово, Център",187,3,1970,Продава 3-СТАЕН,0884119159,2024-07-12 09:48:55
40000,EUR,//www.imot.bg/pcgi/imot.cgi?act=5&adv=1c151213967390608&slink=auysd2&f1=4,regent.imot.bg,"град Габрово, Център",90,4,N/A,Продава 3-СТАЕН,N/A,2024-07-12 09:48:55
83000,лв.,//www.imot.bg/pcgi/imot.cgi?act=5&adv=1c171749195370475&slink=auysd2&f1=4,dikova.imot.bg,"град Габрово, Център",70,N/A,N/A,Продава 3-СТАЕН,0896370408,2024-07-12 09:48:55
85000,лв.,//www.imot.bg/pcgi/imot.cgi?act=5&adv=1c170428892457985&slink=auysd2&f1=4,regent.imot.bg,"град Габрово, Център",83,N/A,N/A,Продава 3-СТАЕН,0886270697,2024-07-12 09:48:55
89999,лв.,//www.imot.bg/pcgi/imot.cgi?act=5&adv=1c169744197716275&slink=auysd2&f1=4,regent.imot.bg,"град Габрово, Център",110,N/A,N/A,Продава 3-СТАЕН,0888181250,2024-07-12 09:48:55
90000,лв.,//www.imot.bg/pcgi/imot.cgi?act=5&adv=1c170964451124610&slink=auysd2&f1=4,regent.imot.bg,"град Габрово, Център",76,3,1970,Продава 3-СТАЕН,0887602324,2024-07-12 09:48:55
93000,лв.,//www.imot.bg/pcgi/imot.cgi?act=5&adv=1c166193692632655&slink=auysd2&f1=4,dikova.imot.bg,"град Габрово, Център",80,N/A,N/A,Продава 3-СТАЕН,0896370408,2024-07-12 09:48:55
95000,лв.,//www.imot.bg/pcgi/imot.cgi?act=5&adv=1c169260831827692&slink=auysd2&f1=4,dikova.imot.bg,"град Габрово, Център",100,4,1970,Продава 3-СТАЕН,0898677625,2024-07-12 09:48:55
100000,лв.,//www.imot.bg/pcgi/imot.cgi?act=5&adv=1c171594002309268&slink=auysd2&f1=4,monolit-bg.imot.bg,"град Габрово, Център",86,N/A,N/A,Продава 3-СТАЕН,0885118119,2024-07-12 09:48:55
108000,лв.,//www.imot.bg/pcgi/imot.cgi?act=5&adv=1c169451339304161&slink=auysd2&f1=4,monolit-bg.imot.bg,"град Габрово, Център",60,N/A,N/A,Продава 3-СТАЕН,0885118119,2024-07-12 09:48:55
110000,лв.,//www.imot.bg/pcgi/imot.cgi?act=5&adv=1c165831775328771&slink=auysd2&f1=4,monolit-bg.imot.bg,"град Габрово, Център",150,N/A,N/A,Продава 3-СТАЕН,0885118119,2024-07-12 09:48:55
110000,лв.,//www.imot.bg/pcgi/imot.cgi?act=5&adv=1c171646967832133&slink=auysd2&f1=4,dikova.imot.bg,"град Габрово, Център",87,N/A,N/A,Продава 3-СТАЕН,0890176992,2024-07-12 09:48:55
60000,EUR,//www.imot.bg/pcgi/imot.cgi?act=5&adv=1c137180226355252&slink=auysd2&f1=4,regent.imot.bg,"град Габрово, Център",240,N/A,N/A,Продава 3-СТАЕН,0884119159,2024-07-12 09:48:55
130000,лв.,//www.imot.bg/pcgi/imot.cgi?act=5&adv=1c170730744369137&slink=auysd2&f1=4,regent.imot.bg,"град Габрово, Център",95,3,N/A,Продава 3-СТАЕН,0884119159,2024-07-12 09:48:55
130000,лв.,//www.imot.bg/pcgi/imot.cgi?act=5&adv=1c170446179378463&slink=auysd2&f1=4,regent.imot.bg,"град Габрово, Център",250,N/A,N/A,Продава 3-СТАЕН,0884119159,2024-07-12 09:48:55
130000,лв.,//www.imot.bg/pcgi/imot.cgi?act=5&adv=1c168915003541075&slink=auysd2&f1=4,dikova.imot.bg,"град Габрово, Център",95,N/A,N/A,Продава 3-СТАЕН,0892235961,2024-07-12 09:48:55
130000,лв.,//www.imot.bg/pcgi/imot.cgi?act=5&adv=1c156136421525911&slink=auysd2&f1=5,dikova.imot.bg,"град Габрово, Център",90,4,N/A,Продава 3-СТАЕН,0892235961,2024-07-12 09:48:56
130000,лв.,//www.imot.bg/pcgi/imot.cgi?act=5&adv=1c167405102110202&slink=auysd2&f1=5,regent.imot.bg,"град Габрово, Център",97,N/A,N/A,Продава 3-СТАЕН,0887602324,2024-07-12 09:48:56
68000,EUR,//www.imot.bg/pcgi/imot.cgi?act=5&adv=1c171404344138929&slink=auysd2&f1=5,regent.imot.bg,"град Габрово, Център",104,3,N/A,Продава 3-СТАЕН,0878528724,2024-07-12 09:48:56
70000,EUR,//www.imot.bg/pcgi/imot.cgi?act=5&adv=1c170427105715161&slink=auysd2&f1=5,regent.imot.bg,"град Габрово, Център",132,N/A,N/A,Продава 3-СТАЕН,0886270697,2024-07-12 09:48:56
70000,EUR,//www.imot.bg/pcgi/imot.cgi?act=5&adv=1c169270741662689&slink=auysd2&f1=5,regent.imot.bg,"град Габрово, Център",79,3,2010,Продава 3-СТАЕН,0884119159,2024-07-12 09:48:56
72000,EUR,//www.imot.bg/pcgi/imot.cgi?act=5&adv=1c163724135765630&slink=auysd2&f1=5,regent.imot.bg,"град Габрово, Център",160,N/A,1960,Продава 3-СТАЕН,0884119159,2024-07-12 09:48:56
75000,EUR,//www.imot.bg/pcgi/imot.cgi?act=5&adv=1c148542855182412&slink=auysd2&f1=5,monolit-bg.imot.bg,"град Габрово, Център",85,5,N/A,Продава 3-СТАЕН,0885118119,2024-07-12 09:48:56
76000,EUR,//www.imot.bg/pcgi/imot.cgi?act=5&adv=1c171585388929520&slink=auysd2&f1=5,dikova.imot.bg,"град Габрово, Център",78,3,N/A,Продава 3-СТАЕН,0898675565,2024-07-12 09:48:56
76000,EUR,//www.imot.bg/pcgi/imot.cgi?act=5&adv=1c170498205939479&slink=auysd2&f1=5,regent.imot.bg,"град Габрово, Център",120,3,N/A,Продава 3-СТАЕН,0888181250,2024-07-12 09:48:56
150000,лв.,//www.imot.bg/pcgi/imot.cgi?act=5&adv=1c170532626921446&slink=auysd2&f1=5,regent.imot.bg,"град Габрово, Център",116,N/A,1980,Продава 3-СТАЕН,0887710070,2024-07-12 09:48:56
66500,EUR,//www.imot.bg/pcgi/imot.cgi?act=5&adv=1c169804215498394&slink=auysd2&f1=5,koevimotiaddress.imot.bg,"град Габрово, Център",116,4,N/A,Продава 3-СТАЕН,N/A,2024-07-12 09:48:56
80000,EUR,//www.imot.bg/pcgi/imot.cgi?act=5&adv=1c166142610181514&slink=auysd2&f1=5,regent.imot.bg,"град Габрово, Център",87,5,1980,Продава 3-СТАЕН,0884119159,2024-07-12 09:48:56
159000,лв.,//www.imot.bg/pcgi/imot.cgi?act=5&adv=1c170557156020319&slink=auysd2&f1=5,dikova.imot.bg,"град Габрово, Център",81,N/A,N/A,Продава 3-СТАЕН,0896752740,2024-07-12 09:48:56
159000,лв.,//www.imot.bg/pcgi/imot.cgi?act=5&adv=1c171749746363500&slink=auysd2&f1=5,regent.imot.bg,"град Габрово, Център",81,4,1970,Продава 3-СТАЕН,0887602324,2024-07-12 09:48:56
159999,лв.,//www.imot.bg/pcgi/imot.cgi?act=5&adv=1c171050313856617&slink=auysd2&f1=5,regent.imot.bg,"град Габрово, Център",130,4,N/A,Продава 3-СТАЕН,0884119159,2024-07-12 09:48:56
160500,лв.,//www.imot.bg/pcgi/imot.cgi?act=5&adv=1c161699432987547&slink=auysd2&f1=5,monolit-bg.imot.bg,"град Габрово, Център",132,N/A,N/A,Продава 3-СТАЕН,0885118119,2024-07-12 09:48:56
160800,лв.,//www.imot.bg/pcgi/imot.cgi?act=5&adv=1c161699476686160&slink=auysd2&f1=5,monolit-bg.imot.bg,"град Габрово, Център",120,3,N/A,Продава 3-СТАЕН,0885118119,2024-07-12 09:48:56
165000,лв.,//www.imot.bg/pcgi/imot.cgi?act=5&adv=1c172052195832487&slink=auysd2&f1=5,dikova.imot.bg,"град Габрово, Център",86,N/A,N/A,Продава 3-СТАЕН,0893068531,2024-07-12 09:48:56
87000,EUR,//www.imot.bg/pcgi/imot.cgi?act=5&adv=1c167576299290746&slink=auysd2&f1=5,dikova.imot.bg,"град Габрово, Център",137,N/A,N/A,Продава 3-СТАЕН,0892235961,2024-07-12 09:48:56
175000,лв.,//www.imot.bg/pcgi/imot.cgi?act=5&adv=1c171507125625633&slink=auysd2&f1=5,regent.imot.bg,"град Габрово, Център",81,N/A,2010,Продава 3-СТАЕН,0887602324,2024-07-12 09:48:56
75400,EUR,//www.imot.bg/pcgi/imot.cgi?act=5&adv=1c166729189143901&slink=auysd2&f1=5,regent.imot.bg,"град Габрово, Център",133,3,2020,Продава 3-СТАЕН,0887602324,2024-07-12 09:48:56
94500,EUR,//www.imot.bg/pcgi/imot.cgi?act=5&adv=1c171137435553910&slink=auysd2&f1=5,regent.imot.bg,"град Габрово, Център",116,5,N/A,Продава 3-СТАЕН,0884119159,2024-07-12 09:48:56
79650,EUR,//www.imot.bg/pcgi/imot.cgi?act=5&adv=1c170307326060626&slink=auysd2&f1=5,koevimotiaddress.imot.bg,"град Габрово, Център",69,N/A,N/A,Продава 3-СТАЕН,N/A,2024-07-12 09:48:56
100000,EUR,//www.imot.bg/pcgi/imot.cgi?act=5&adv=1c154391718481428&slink=auysd2&f1=5,regent.imot.bg,"град Габрово, Център",95,N/A,2009,Продава 3-СТАЕН,0884119159,2024-07-12 09:48:56
100000,EUR,//www.imot.bg/pcgi/imot.cgi?act=5&adv=1c170723027309327&slink=auysd2&f1=5,regent.imot.bg,"град Габрово, Център",140,N/A,N/A,Продава 3-СТАЕН,0884119159,2024-07-12 09:48:56
83950,EUR,//www.imot.bg/pcgi/imot.cgi?act=5&adv=1c170314841408879&slink=auysd2&f1=5,koevimotiaddress.imot.bg,"град Габрово, Център",73,4,N/A,Продава 3-СТАЕН,N/A,2024-07-12 09:48:56
210000,лв.,//www.imot.bg/pcgi/imot.cgi?act=5&adv=1c152396469988733&slink=auysd2&f1=5,regent.imot.bg,"град Габрово, Център",115,3,2010,Продава 3-СТАЕН,0884119159,2024-07-12 09:48:56
210000,лв.,//www.imot.bg/pcgi/imot.cgi?act=5&adv=1c171819483597000&slink=auysd2&f1=5,regent.imot.bg,"град Габрово, Център",98,9,N/A,Продава 3-СТАЕН,0887602324,2024-07-12 09:48:56
110000,EUR,//www.imot.bg/pcgi/imot.cgi?act=5&adv=1c168924983676171&slink=auysd2&f1=5,regent.imot.bg,"град Габрово, Център",90,N/A,1980,Продава 3-СТАЕН,0884119159,2024-07-12 09:48:56
110000,EUR,//www.imot.bg/pcgi/imot.cgi?act=5&adv=1c171524250296631&slink=auysd2&f1=5,dikova.imot.bg,"град Габрово, Център",79,N/A,N/A,Продава 3-СТАЕН,0890176993,2024-07-12 09:48:56
110000,EUR,//www.imot.bg/pcgi/imot.cgi?act=5&adv=1c161659340063075&slink=auysd2&f1=5,regent.imot.bg,"град Габрово, Център",79,N/A,N/A,Продава 3-СТАЕН,0888181250,2024-07-12 09:48:56
220000,лв.,//www.imot.bg/pcgi/imot.cgi?act=5&adv=1c168845991288942&slink=auysd2&f1=5,dikova.imot.bg,"град Габрово, Център",188,N/A,N/A,Продава 3-СТАЕН,0890176993,2024-07-12 09:48:56
116000,EUR,//www.imot.bg/pcgi/imot.cgi?act=5&adv=1c124748638731328&slink=auysd2&f1=5,monolit-bg.imot.bg,"град Габрово, Център",86,4,N/A,Продава 3-СТАЕН,N/A,2024-07-12 09:48:56
228590,лв.,//www.imot.bg/pcgi/imot.cgi?act=5&adv=1c170600931200781&slink=auysd2&f1=5,dikova.imot.bg,"град Габрово, Център",127,N/A,N/A,Продава 3-СТАЕН,0893068531,2024-07-12 09:48:56
120000,EUR,//www.imot.bg/pcgi/imot.cgi?act=5&adv=1c168303463884235&slink=auysd2&f1=5,sdelka.imot.bg,"град Габрово, Център",105,3,2012,Продава 3-СТАЕН,0897999595,2024-07-12 09:48:56
120080,EUR,//www.imot.bg/pcgi/imot.cgi?act=5&adv=1c167154326187615&slink=auysd2&f1=5,regent.imot.bg,"град Габрово, Център",127,3,2025,Продава 3-СТАЕН,0887602324,2024-07-12 09:48:56
247000,лв.,//www.imot.bg/pcgi/imot.cgi?act=5&adv=1c169035663656338&slink=auysd2&f1=5,dikova.imot.bg,"град Габрово, Център",150,N/A,1996,Продава 3-СТАЕН,0898677625,2024-07-12 09:48:56
250000,лв.,//www.imot.bg/pcgi/imot.cgi?act=5&adv=1c169761276088097&slink=auysd2&f1=6,dikova.imot.bg,"град Габрово, Център",129,N/A,N/A,Продава 3-СТАЕН,0892235961,2024-07-12 09:48:57
106950,EUR,//www.imot.bg/pcgi/imot.cgi?act=5&adv=1c170439793680327&slink=auysd2&f1=6,koevimotiaddress.imot.bg,"град Габрово, Център",93,N/A,N/A,Продава 3-СТАЕН,N/A,2024-07-12 09:48:57
130000,EUR,//www.imot.bg/pcgi/imot.cgi?act=5&adv=1c171628069812741&slink=auysd2&f1=6,dikova.imot.bg,"град Габрово, Център",108,N/A,N/A,Продава 3-СТАЕН,0896752740,2024-07-12 09:48:57
127000,EUR,//www.imot.bg/pcgi/imot.cgi?act=5&adv=1c171266718094514&slink=auysd2&f1=6,msbuild.imot.bg,"град Габрово, Център",127,3,2025,Продава 3-СТАЕН,0885082359,2024-07-12 09:48:57
300000,лв.,//www.imot.bg/pcgi/imot.cgi?act=5&adv=1c159471362638975&slink=auysd2&f1=6,dikova.imot.bg,"град Габрово, Център",129,N/A,N/A,Продава 3-СТАЕН,N/A,2024-07-12 09:48:57
321000,лв.,//www.imot.bg/pcgi/imot.cgi?act=5&adv=1c171292554035506&slink=auysd2&f1=6,regent.imot.bg,"град Габрово, Център",213,N/A,N/A,Продава 3-СТАЕН,0884119159,2024-07-12 09:48:57
165750,EUR,//www.imot.bg/pcgi/imot.cgi?act=5&adv=1c171093814556105&slink=auysd2&f1=6,regent.imot.bg,"град Габрово, Център",221,5,2018,Продава 3-СТАЕН,0884119159,2024-07-12 09:48:57
150000,EUR,//www.imot.bg/pcgi/imot.cgi?act=5&adv=1c171266635388123&slink=auysd2&f1=6,msbuild.imot.bg,"град Габрово, Център",150,N/A,2025,Продава 3-СТАЕН,0885082359,2024-07-12 09:48:57
154000,EUR,//www.imot.bg/pcgi/imot.cgi?act=5&adv=1c170711932761670&slink=auysd2&f1=6,regent.imot.bg,"град Габрово, Център",140,4,2024,Продава 3-СТАЕН,0884119159,2024-07-12 09:48:57
230000,EUR,//www.imot.bg/pcgi/imot.cgi?act=5&adv=1c161406020787263&slink=auysd2&f1=6,regent.imot.bg,"град Габрово, Център",165,N/A,2011,Продава 3-СТАЕН,0884119159,2024-07-12 09:48:57
80000,EUR,//www.imot.bg/pcgi/imot.cgi?act=5&adv=1d161737932613813&slink=auysd2&f1=6,monolit-bg.imot.bg,"град Габрово, Център",116,N/A,N/A,Продава 4-СТАЕН,0885118119,2024-07-12 09:48:57
74000,EUR,//www.imot.bg/pcgi/imot.cgi?act=5&adv=1d142071523530950&slink=auysd2&f1=6,monolit-bg.imot.bg,"град Габрово, Център",130,N/A,2022,Продава 4-СТАЕН,0885118119,2024-07-12 09:48:57
75400,EUR,//www.imot.bg/pcgi/imot.cgi?act=5&adv=1d169804414817188&slink=auysd2&f1=6,koevimotiaddress.imot.bg,"град Габрово, Център",132,4,N/A,Продава 4-СТАЕН,N/A,2024-07-12 09:48:57
95000,EUR,//www.imot.bg/pcgi/imot.cgi?act=5&adv=1d169650480716113&slink=auysd2&f1=6,regent.imot.bg,"град Габрово, Център",120,N/A,1980,Продава 4-СТАЕН,0887710070,2024-07-12 09:48:57
102000,EUR,//www.imot.bg/pcgi/imot.cgi?act=5&adv=1d156042231079704&slink=auysd2&f1=6,monolit-bg.imot.bg,"град Габрово, Център",110,N/A,N/A,Продава 4-СТАЕН,0885118119,2024-07-12 09:48:57
115000,EUR,//www.imot.bg/pcgi/imot.cgi?act=5&adv=1d171769958619396&slink=auysd2&f1=6,regent.imot.bg,"град Габрово, Център",92,N/A,N/A,Продава 4-СТАЕН,0885151488,2024-07-12 09:48:57
